3300 5017
285 594 1358 629 W

278 669 339 797 36
458 658 693 758 Lusus
727 646 1183 793 Wllmonasterrenscr.

276 908 353 981 Arx
372 903 523 996 Trojana
537 903 647 993 Deis3
679 902 746 991 Te,
771 898 1012 997 Burlingtone,
1035 900 1188 997 superbit

322 1030 466 1123 Nostra,
490 1054 554 1105 rrec
571 1028 719 1103 artifices
735 1026 850 1104 mallet
864 1025 990 1104 habere
1007 1034 1108 1105 Deos.

284 1324 846 1357 w

458 1568 600 1675 Pieris
616 1562 761 1699 jocari
780 1564 959 1699 semper
981 1554 1165 1666 fabulis.

274 1876 435 1990 'Crrrrrs
463 1882 574 1961 trahit
593 1888 631 1960 in
648 1898 765 1981 partes
778 1879 952 1954 discordia
971 1879 1138 1971 Romam,

320 2012 371 2079 Et
385 2010 455 2079 ruit
470 2012 509 2079 in
528 2009 640 2078 fircros
658 2007 755 2099 plebs
768 1993 940 2077 malesana
955 2019 1084 2101 patres.

272 2130 406 2209 Fabella
423 2132 749 2229 attentas-Agrippa
760 2130 946 2205 Menenius
957 2150 1057 2205 aures
1086 2172 1090 2181 ·

318 2261 475 2351 Detinet,
497 2270 601 2355 atque
617 2259 733 2334 omnis
746 2258 907 2356 protinus
924 2258 975 2331 ira
996 2258 1103 2336 cadit.

273 2390 388 2469 Debes
404 2386 604 2498 imperium,
635 2402 671 2465 et
683 2386 788 2483 leges,
820 2383 1078 2483 etpatriaiura,

320 2520 418 2619 Huic
432 2515 650 2617 tempestivo,
671 2518 821 2597 maxima
834 2520 963 2609 Roma,
985 2518 1076 2614 joco.

220 3132 225 3137 -
290 3120 299 3133 ·
322 3028 532 3161 Fortiter
551 3058 627 3163 ille
649 3055 760 3158 facit
781 3058 865 3190 qui
885 3057 1024 3161 miser
1043 3049 1131 3165 effe
1151 3064 1313 3197 potest.
1368 3106 1375 3117 ·

274 3323 358 3405 Ere!
384 3314 545 3427 sequitur
558 3330 616 3406 sed
632 3356 703 3405 non
717 3330 848 3429 deje&o
865 3328 1019 3427 Regulus
1035 3355 1097 3412 ore

320 3455 483 3553 Vistoris,
507 3457 617 3533 vistor
632 3482 703 3535 non
720 3461 834 3535 minus
853 3459 935 3557 ipse,
960 3476 1065 3537 rotas.

276 3582 358 3657 En!
386 3586 488 3660 firlito
503 3588 608 3661 facies
621 3586 673 3661 est
687 3587 866 3684 majestate
881 3591 1044 3685 verenda,

322 3707 400 3786 En!
433 3737 540 3811 quarn
558 3714 721 3789 terribilis
739 3731 861 3815 regnat
875 3716 914 3795 in
932 3742 994 3795 ore
1004 3716 1124 3795 decor]
1481 3769 1482 3784 κ

272 3840 432 3916 Membra
443 3841 535 3917 mihi
546 3840 684 3938 laceres,
707 3844 914 3938 Carthago3
947 3859 983 3918 et
997 3844 1043 3917 fit
1065 3840 1184 3940 decus}
1206 3846 1342 3954 inquit}
1481 3885 1482 3948 r

323 3972 521 4067 Imporuiffe
534 3985 636 4045 tuum
648 3967 787 4061 vinc'la,
811 3968 926 4043 tulisse
940 3992 1068 4045 meum.
