<?xml version="1.0" encoding="UTF-8"?>
<!DOCTYPE html PUBLIC "-//W3C//DTD XHTML 1.0 Transitional//EN"
    "http://www.w3.org/TR/xhtml1/DTD/xhtml1-transitional.dtd">
<html xmlns="http://www.w3.org/1999/xhtml" xml:lang="en" lang="en">
 <head>
  <title>
</title>
<meta http-equiv="Content-Type" content="text/html;charset=utf-8" />
  <meta name='ocr-system' content='tesseract 3.04.00' />
  <meta name='ocr-capabilities' content='ocr_page ocr_carea ocr_par ocr_line ocrx_word'/>
</head>
<body>
  <div class='ocr_page' id='page_1' title='image "./lususwestmonast00priogoog_0084.png"; bbox 0 0 3300 5017; ppageno 0'>
   <div class='ocr_carea' id='block_1_1' title="bbox 285 653 1478 1237">
    <p class='ocr_par' dir='ltr' id='par_1_1' title="bbox 287 653 1380 705">
     <span class='ocr_line' id='line_1_1' title="bbox 287 653 1380 705; baseline -0.022 -6"><span class='ocrx_word' id='word_1_1' title='bbox 287 653 1380 705; x_wconf 47' lang='lat'><em>¹...-------—=----·*··</em></span> 
     </span>
    </p>

    <p class='ocr_par' dir='ltr' id='par_1_2' title="bbox 286 750 1256 989">
     <span class='ocr_line' id='line_1_2' title="bbox 286 750 1256 849; baseline -0.022 -8"><span class='ocrx_word' id='word_1_2' title='bbox 286 770 375 841; x_wconf 87' lang='lat' dir='ltr'><strong>Non</strong></span> <span class='ocrx_word' id='word_1_3' title='bbox 393 763 475 839; x_wconf 85' lang='lat' dir='ltr'><strong>tulit</strong></span> <span class='ocrx_word' id='word_1_4' title='bbox 490 760 560 835; x_wconf 91' lang='lat' dir='ltr'><strong>hoc</strong></span> <span class='ocrx_word' id='word_1_5' title='bbox 575 758 724 833; x_wconf 77' lang='lat' dir='ltr'><strong>multum</strong></span> <span class='ocrx_word' id='word_1_6' title='bbox 744 756 863 827; x_wconf 84' lang='lat' dir='ltr'><strong>fitiens</strong></span> <span class='ocrx_word' id='word_1_7' title='bbox 876 769 1061 849; x_wconf 86' lang='lat' dir='ltr'><strong>compotor</strong></span> <span class='ocrx_word' id='word_1_8' title='bbox 1077 750 1256 842; x_wconf 86' lang='lat' dir='ltr'><strong>honestus,</strong></span> 
     </span>
     <span class='ocr_line' id='line_1_3' title="bbox 333 882 1019 989; baseline -0.02 -21"><span class='ocrx_word' id='word_1_9' title='bbox 333 893 556 989; x_wconf 88' lang='lat' dir='ltr'><strong>Indoluitque</strong></span> <span class='ocrx_word' id='word_1_10' title='bbox 570 889 675 961; x_wconf 89' lang='lat' dir='ltr'><strong>horas</strong></span> <span class='ocrx_word' id='word_1_11' title='bbox 692 884 739 957; x_wconf 85' lang='lat' dir='ltr'><strong>fic</strong></span> <span class='ocrx_word' id='word_1_12' title='bbox 753 884 888 979; x_wconf 84' lang='lat' dir='ltr'><strong>periiiie</strong></span> <span class='ocrx_word' id='word_1_13' title='bbox 901 882 1019 955; x_wconf 86' lang='lat' dir='ltr'><strong>bonas.</strong></span> 
     </span>
    </p>

    <p class='ocr_par' dir='ltr' id='par_1_3' title="bbox 285 999 1478 1237">
     <span class='ocr_line' id='line_1_4' title="bbox 285 999 1478 1119; baseline -0.025 -19"><span class='ocrx_word' id='word_1_14' title='bbox 285 1026 382 1119; x_wconf 81' lang='lat' dir='ltr'><strong>Quid</strong></span> <span class='ocrx_word' id='word_1_15' title='bbox 396 1021 495 1097; x_wconf 88' lang='lat' dir='ltr'><strong>nobis</strong></span> <span class='ocrx_word' id='word_1_16' title='bbox 509 1018 663 1095; x_wconf 84' lang='lat' dir='ltr'><strong>Turcae?</strong></span> <span class='ocrx_word' id='word_1_17' title='bbox 687 1014 788 1110; x_wconf 91' lang='lat' dir='ltr'><strong>quid,</strong></span> <span class='ocrx_word' id='word_1_18' title='bbox 811 1012 908 1109; x_wconf 89' lang='lat' dir='ltr'><strong>quod</strong></span> <span class='ocrx_word' id='word_1_19' title='bbox 924 1011 1015 1085; x_wconf 81' lang='lat' dir='ltr'>nihil</span> <span class='ocrx_word' id='word_1_20' title='bbox 1031 1011 1170 1101; x_wconf 82' lang='lat' dir='ltr'>attinet,</span> <span class='ocrx_word' id='word_1_21' title='bbox 1199 999 1332 1092; x_wconf 74' lang='lat' dir='ltr'><strong>affers?</strong></span> <span class='ocrx_word' id='word_1_22' title='bbox 1477 1027 1478 1072; x_wconf 67' lang='lat' dir='ltr'><strong>r</strong></span> 
     </span>
     <span class='ocr_line' id='line_1_5' title="bbox 334 1123 1275 1237; baseline -0.017 -8"><span class='ocrx_word' id='word_1_23' title='bbox 334 1158 413 1231; x_wconf 84' lang='lat' dir='ltr'>Stat</span> <span class='ocrx_word' id='word_1_24' title='bbox 428 1142 729 1227; x_wconf 64' lang='lat' dir='ltr'><strong>tecum-‘maest</strong></span> <span class='ocrx_word' id='word_1_25' title='bbox 740 1123 899 1237; x_wconf 74' lang='lat' dir='ltr'><strong>huctua&#39;,</strong></span> <span class='ocrx_word' id='word_1_26' title='bbox 920 1142 1015 1217; x_wconf 90' lang='lat' dir='ltr'><strong>sume</strong></span> <span class='ocrx_word' id='word_1_27' title='bbox 1031 1140 1174 1215; x_wconf 86' lang='lat' dir='ltr'><strong>vitrum.</strong></span> <span class='ocrx_word' id='word_1_28' title='bbox 1271 1203 1275 1211; x_wconf 90' lang='lat'><strong>.</strong></span> 
     </span>
    </p>
   </div>
   <div class='ocr_carea' id='block_1_2' title="bbox 535 1438 1131 1555">
    <p class='ocr_par' dir='ltr' id='par_1_4' title="bbox 535 1438 1131 1555">
     <span class='ocr_line' id='line_1_6' title="bbox 535 1438 1131 1555; baseline -0.029 -1"><span class='ocrx_word' id='word_1_29' title='bbox 535 1450 613 1553; x_wconf 89' lang='lat' dir='ltr'><strong>Ad</strong></span> <span class='ocrx_word' id='word_1_30' title='bbox 637 1452 818 1555; x_wconf 82' lang='lat' dir='ltr'><strong>Ducem</strong></span> <span class='ocrx_word' id='word_1_31' title='bbox 836 1443 970 1549; x_wconf 89' lang='lat' dir='ltr'><strong>Novi</strong></span> <span class='ocrx_word' id='word_1_32' title='bbox 987 1438 1131 1543; x_wconf 88' lang='lat' dir='ltr'><strong>castri.</strong></span> 
     </span>
    </p>
   </div>
   <div class='ocr_carea' id='block_1_3' title="bbox 287 1746 1194 1864">
    <p class='ocr_par' dir='ltr' id='par_1_5' title="bbox 287 1746 1194 1864">
     <span class='ocr_line' id='line_1_7' title="bbox 287 1746 1194 1864; baseline -0.021 -28"><span class='ocrx_word' id='word_1_33' title='bbox 287 1768 324 1845; x_wconf 91' lang='lat' dir='ltr'><em>O</em></span> <span class='ocrx_word' id='word_1_34' title='bbox 340 1764 445 1841; x_wconf 81' lang='lat' dir='ltr'><strong>decus</strong></span> <span class='ocrx_word' id='word_1_35' title='bbox 462 1754 657 1864; x_wconf 67' lang='lat' dir='ltr'><strong>Aonidum,</strong></span> <span class='ocrx_word' id='word_1_36' title='bbox 680 1782 765 1857; x_wconf 88' lang='lat' dir='ltr'><strong>quas</strong></span> <span class='ocrx_word' id='word_1_37' title='bbox 778 1769 819 1840; x_wconf 89' lang='lat' dir='ltr'><strong>tu</strong></span> <span class='ocrx_word' id='word_1_38' title='bbox 833 1748 1059 1827; x_wconf 79' lang='lat' dir='ltr'>crescentibus</span> <span class='ocrx_word' id='word_1_39' title='bbox 1083 1746 1194 1836; x_wconf 81' lang='lat' dir='ltr'><strong>aunis,</strong></span> 
     </span>
    </p>
   </div>
   <div class='ocr_carea' id='block_1_4' title="bbox 291 1880 1255 2103">
    <p class='ocr_par' dir='ltr' id='par_1_6' title="bbox 291 1880 1255 2103">
     <span class='ocr_line' id='line_1_8' title="bbox 333 1880 1050 1991; baseline -0.033 -15"><span class='ocrx_word' id='word_1_40' title='bbox 333 1880 433 1991; x_wconf 37' lang='lat' dir='ltr'><strong>&#39;Quas</strong></span> <span class='ocrx_word' id='word_1_41' title='bbox 449 1909 485 1973; x_wconf 87' lang='lat' dir='ltr'><strong>et</strong></span> <span class='ocrx_word' id='word_1_42' title='bbox 504 1914 596 1966; x_wconf 87' lang='lat' dir='ltr'><strong>nunc</strong></span> <span class='ocrx_word' id='word_1_43' title='bbox 608 1890 718 1969; x_wconf 81' lang='lat' dir='ltr'><strong>Diras</strong></span> <span class='ocrx_word' id='word_1_44' title='bbox 734 1886 851 1959; x_wconf 74' lang='lat' dir='ltr'><strong>aii&#39;tris</strong></span> <span class='ocrx_word' id='word_1_45' title='bbox 867 1883 930 1955; x_wconf 81' lang='lat' dir='ltr'><strong>effe</strong></span> <span class='ocrx_word' id='word_1_46' title='bbox 947 1899 1050 1970; x_wconf 77' lang='lat' dir='ltr'><strong>tuas3</strong></span> 
     </span>
     <span class='ocr_line' id='line_1_9' title="bbox 291 2000 1255 2103; baseline -0.033 1"><span class='ocrx_word' id='word_1_47' title='bbox 291 2034 396 2103; x_wconf 89' lang='lat' dir='ltr'><strong>Sume</strong></span> <span class='ocrx_word' id='word_1_48' title='bbox 410 2020 647 2097; x_wconf 80' lang='lat' dir='ltr'><strong>Perisceiidem</strong></span> <span class='ocrx_word' id='word_1_49' title='bbox 661 2014 836 2101; x_wconf 88' lang='lat' dir='ltr'><strong>meritam,</strong></span> <span class='ocrx_word' id='word_1_50' title='bbox 858 2011 945 2083; x_wconf 90' lang='lat' dir='ltr'><strong>dum</strong></span> <span class='ocrx_word' id='word_1_51' title='bbox 964 2004 1112 2081; x_wconf 91' lang='lat' dir='ltr'><strong>candida</strong></span> <span class='ocrx_word' id='word_1_52' title='bbox 1128 2000 1255 2102; x_wconf 83' lang='lat' dir='ltr'><strong>gaudet</strong></span> 
     </span>
    </p>
   </div>
   <div class='ocr_carea' id='block_1_5' title="bbox 289 2140 1149 2489">
    <p class='ocr_par' dir='ltr' id='par_1_7' title="bbox 289 2140 1149 2489">
     <span class='ocr_line' id='line_1_10' title="bbox 337 2140 1081 2249; baseline -0.031 -18"><span class='ocrx_word' id='word_1_53' title='bbox 337 2149 484 2249; x_wconf 84' lang='lat' dir='ltr'><strong>Virguia</strong></span> <span class='ocrx_word' id='word_1_54' title='bbox 499 2144 701 2224; x_wconf 88' lang='lat' dir='ltr'><strong>munificam</strong></span> <span class='ocrx_word' id='word_1_55' title='bbox 718 2140 902 2215; x_wconf 87' lang='lat' dir='ltr'><strong>nobilitare</strong></span> <span class='ocrx_word' id='word_1_56' title='bbox 925 2159 1081 2211; x_wconf 86' lang='lat' dir='ltr'><strong>manum.</strong></span> 
     </span>
     <span class='ocr_line' id='line_1_11' title="bbox 289 2270 1149 2379; baseline -0.029 -18"><span class='ocrx_word' id='word_1_57' title='bbox 289 2284 420 2361; x_wconf 89' lang='lat' dir='ltr'><strong>Omnia</strong></span> <span class='ocrx_word' id='word_1_58' title='bbox 432 2276 645 2379; x_wconf 86' lang='lat' dir='ltr'><strong>promittunt</strong></span> <span class='ocrx_word' id='word_1_59' title='bbox 655 2272 741 2347; x_wconf 87' lang='lat' dir='ltr'>Tibi</span> <span class='ocrx_word' id='word_1_60' title='bbox 759 2270 831 2367; x_wconf 84' lang='lat' dir='ltr'>spes</span> <span class='ocrx_word' id='word_1_61' title='bbox 844 2282 880 2343; x_wconf 85' lang='lat' dir='ltr'><strong>et</strong></span> <span class='ocrx_word' id='word_1_62' title='bbox 893 2270 977 2341; x_wconf 78' lang='lat' dir='ltr'><strong>iota</strong></span> <span class='ocrx_word' id='word_1_63' title='bbox 988 2281 1149 2359; x_wconf 80' lang='lat' dir='ltr'><strong>tuorum,</strong></span> 
     </span>
     <span class='ocr_line' id='line_1_12' title="bbox 340 2394 1055 2489; baseline -0.032 1"><span class='ocrx_word' id='word_1_64' title='bbox 340 2412 408 2489; x_wconf 84' lang='lat' dir='ltr'><strong>Sed</strong></span> <span class='ocrx_word' id='word_1_65' title='bbox 420 2409 503 2483; x_wconf 89' lang='lat' dir='ltr'><strong>Tua</strong></span> <span class='ocrx_word' id='word_1_66' title='bbox 519 2404 681 2481; x_wconf 82' lang='lat' dir='ltr'><strong>nobilitas</strong></span> <span class='ocrx_word' id='word_1_67' title='bbox 695 2402 745 2475; x_wconf 91' lang='lat' dir='ltr'><strong>nii</strong></span> <span class='ocrx_word' id='word_1_68' title='bbox 761 2400 850 2477; x_wconf 88' lang='lat' dir='ltr'><strong>feret</strong></span> <span class='ocrx_word' id='word_1_69' title='bbox 861 2398 942 2473; x_wconf 88' lang='lat' dir='ltr'><strong>inde</strong></span> <span class='ocrx_word' id='word_1_70' title='bbox 957 2394 1055 2472; x_wconf 84' lang='lat' dir='ltr'><strong>novi.</strong></span> 
     </span>
    </p>
   </div>
   <div class='ocr_carea' id='block_1_6' title="bbox 304 2691 1373 2735">
    <p class='ocr_par' dir='ltr' id='par_1_8' title="bbox 304 2691 1373 2735">
     <span class='ocr_line' id='line_1_13' title="bbox 304 2691 1373 2735; baseline -0.022 -1"><span class='ocrx_word' id='word_1_71' title='bbox 304 2691 1373 2735; x_wconf 54' lang='lat' dir='ltr'><strong>mm</strong></span> 
     </span>
    </p>
   </div>
   <div class='ocr_carea' id='block_1_7' title="bbox 175 2898 1197 3090">
    <p class='ocr_par' dir='ltr' id='par_1_9' title="bbox 175 2862 1197 3102">
     <span class='ocr_line' id='line_1_14' title="bbox 175 2898 1197 3090; baseline -0.02 -40"><span class='ocrx_word' id='word_1_72' title='bbox 175 2898 177 2901; x_wconf 16' lang='grc' dir='ltr'>Ι</span> <span class='ocrx_word' id='word_1_73' title='bbox 485 2934 602 3045; x_wconf 88' lang='lat' dir='ltr'><strong>Non</strong></span> <span class='ocrx_word' id='word_1_74' title='bbox 618 2934 766 3041; x_wconf 85' lang='lat' dir='ltr'><strong>aliena</strong></span> <span class='ocrx_word' id='word_1_75' title='bbox 785 2969 894 3051; x_wconf 88' lang='lat' dir='ltr'><strong>meo</strong></span> <span class='ocrx_word' id='word_1_76' title='bbox 913 2908 1043 3090; x_wconf 78' lang='lat' dir='ltr'><strong>preffi</strong></span> <span class='ocrx_word' id='word_1_77' title='bbox 1065 2932 1197 3069; x_wconf 83' lang='lat' dir='ltr'><strong>pede.</strong></span> 
     </span>
    </p>
   </div>
   <div class='ocr_carea' id='block_1_8' title="bbox 225 3184 1410 4060">
    <p class='ocr_par' dir='ltr' id='par_1_10' title="bbox 225 3184 1410 4060">
     <span class='ocr_line' id='line_1_15' title="bbox 297 3184 1295 3293; baseline -0.014 0"><span class='ocrx_word' id='word_1_78' title='bbox 297 3224 516 3293; x_wconf 79' lang='lat' dir='ltr'><strong>Prumuus</strong></span> <span class='ocrx_word' id='word_1_79' title='bbox 539 3206 624 3281; x_wconf 89' lang='lat' dir='ltr'><strong>hinc</strong></span> <span class='ocrx_word' id='word_1_80' title='bbox 647 3206 741 3281; x_wconf 87' lang='lat' dir='ltr'><strong>iiiinc</strong></span> <span class='ocrx_word' id='word_1_81' title='bbox 757 3203 922 3281; x_wconf 88' lang='lat' dir='ltr'><strong>Thebani</strong></span> <span class='ocrx_word' id='word_1_82' title='bbox 939 3204 1097 3281; x_wconf 75' lang='lat' dir='ltr'><strong>imitator</strong></span> <span class='ocrx_word' id='word_1_83' title='bbox 1119 3197 1229 3280; x_wconf 77' lang='lat' dir='ltr'><strong>oloris</strong></span> <span class='ocrx_word' id='word_1_84' title='bbox 1292 3184 1295 3189; x_wconf 32' lang='lat'>¹</span> 
     </span>
     <span class='ocr_line' id='line_1_16' title="bbox 344 3335 1067 3437; baseline -0.011 -21"><span class='ocrx_word' id='word_1_85' title='bbox 344 3338 576 3437; x_wconf 76' lang='lat' dir='ltr'><strong>Magnificum</strong></span> <span class='ocrx_word' id='word_1_86' title='bbox 595 3336 683 3410; x_wconf 89' lang='lat' dir='ltr'><strong>varii</strong></span> <span class='ocrx_word' id='word_1_87' title='bbox 701 3335 864 3409; x_wconf 86' lang='lat' dir='ltr'><strong>carminis</strong></span> <span class='ocrx_word' id='word_1_88' title='bbox 879 3335 953 3409; x_wconf 90' lang='lat' dir='ltr'><strong>edit</strong></span> <span class='ocrx_word' id='word_1_89' title='bbox 968 3357 1067 3429; x_wconf 85' lang='lat' dir='ltr'><strong>opus.</strong></span> 
     </span>
     <span class='ocr_line' id='line_1_17' title="bbox 225 3462 1105 3562; baseline -0.006 -16"><span class='ocrx_word' id='word_1_90' title='bbox 225 3524 226 3527; x_wconf 15' lang='grc' dir='ltr'>η</span> <span class='ocrx_word' id='word_1_91' title='bbox 298 3470 426 3549; x_wconf 85' lang='lat' dir='ltr'><strong>incerti</strong></span> <span class='ocrx_word' id='word_1_92' title='bbox 441 3468 570 3544; x_wconf 87' lang='lat' dir='ltr'><strong>ludunt</strong></span> <span class='ocrx_word' id='word_1_93' title='bbox 587 3462 724 3541; x_wconf 88' lang='lat' dir='ltr'><strong>numeri</strong></span> <span class='ocrx_word' id='word_1_94' title='bbox 736 3464 808 3539; x_wconf 75' lang='lat' dir='ltr'><strong>fine</strong></span> <span class='ocrx_word' id='word_1_95' title='bbox 822 3464 912 3562; x_wconf 85' lang='lat' dir='ltr'>lege,</span> <span class='ocrx_word' id='word_1_96' title='bbox 933 3488 997 3539; x_wconf 90' lang='lat' dir='ltr'><strong>nec</strong></span> <span class='ocrx_word' id='word_1_97' title='bbox 1012 3463 1105 3541; x_wconf 84' lang='lat' dir='ltr'><strong>ullus</strong></span> 
     </span>
     <span class='ocr_line' id='line_1_18' title="bbox 347 3593 1153 3690; baseline -0.007 -17"><span class='ocrx_word' id='word_1_98' title='bbox 347 3604 510 3673; x_wconf 86' lang='lat' dir='ltr'><strong>Servatur</strong></span> <span class='ocrx_word' id='word_1_99' title='bbox 525 3593 702 3690; x_wconf 86' lang='lat' dir='ltr'><strong>rhythmis</strong></span> <span class='ocrx_word' id='word_1_100' title='bbox 716 3595 820 3688; x_wconf 88' lang='lat' dir='ltr'><strong>ordo,</strong></span> <span class='ocrx_word' id='word_1_101' title='bbox 849 3594 1153 3681; x_wconf 76' lang='lat' dir='ltr'><strong>velordoruetris.¹</strong></span> 
     </span>
     <span class='ocr_line' id='line_1_19' title="bbox 290 3720 1113 3821; baseline 0.001 -29"><span class='ocrx_word' id='word_1_102' title='bbox 290 3728 459 3821; x_wconf 55' lang='lat' dir='ltr'><strong>„Longior</strong></span> <span class='ocrx_word' id='word_1_103' title='bbox 476 3723 534 3797; x_wconf 90' lang='lat' dir='ltr'><strong>hic</strong></span> <span class='ocrx_word' id='word_1_104' title='bbox 550 3745 650 3821; x_wconf 83' lang='lat' dir='ltr'><strong>aequo</strong></span> <span class='ocrx_word' id='word_1_105' title='bbox 665 3720 781 3799; x_wconf 82' lang='lat' dir='ltr'><strong>versus</strong></span> <span class='ocrx_word' id='word_1_106' title='bbox 797 3723 1023 3821; x_wconf 85' lang='lat' dir='ltr'><strong>producitur,</strong></span> <span class='ocrx_word' id='word_1_107' title='bbox 1052 3720 1113 3821; x_wconf 70' lang='lat'><strong>5119</strong></span> 
     </span>
     <span class='ocr_line' id='line_1_20' title="bbox 347 3848 1107 3971; baseline 0.001 -47"><span class='ocrx_word' id='word_1_108' title='bbox 347 3849 530 3955; x_wconf 65' lang='lat' dir='ltr'><strong>§iudicat</strong></span> <span class='ocrx_word' id='word_1_109' title='bbox 543 3851 709 3971; x_wconf 58' lang='lat' dir='ltr'><strong>abruutus</strong></span> <span class='ocrx_word' id='word_1_110' title='bbox 731 3848 947 3970; x_wconf 74' lang='lat' dir='ltr'><strong>dimidiique</strong></span> <span class='ocrx_word' id='word_1_111' title='bbox 962 3848 1107 3953; x_wconf 59' lang='lat' dir='ltr'><strong>mimia</strong></span> 
     </span>
     <span class='ocr_line' id='line_1_21' title="bbox 1266 3977 1410 4060; baseline -0.007 0"><span class='ocrx_word' id='word_1_112' title='bbox 1266 3977 1410 4060; x_wconf 73' lang='lat' dir='ltr'><strong>unua</strong></span> 
     </span>
    </p>
   </div>
   <div class='ocr_carea' id='block_1_9' title="bbox 0 0 1663 5017">
    <p class='ocr_par' dir='ltr' id='par_1_11' title="bbox 0 0 1663 5017">
     <span class='ocr_line' id='line_1_22' title="bbox 0 0 1663 5017; baseline 0 0"><span class='ocrx_word' id='word_1_113' title='bbox 0 0 1663 5017; x_wconf 95' lang='lat' dir='ltr'><strong> </strong></span> 
     </span>
    </p>
   </div>
  </div>
 </body>
</html>
