3300 5017
420 533 559 664 Lus
581 591 657 658 us
692 555 761 658 W
753 530 1144 688 estmoaasterienser.
1291 595 1382 688 205

260 783 264 792 ’
295 802 378 880 Nae!
404 807 509 899 venit,
532 801 587 880 ah!
613 799 704 881 sanc!
733 804 864 880 multus
880 806 976 880 veuit
987 821 1124 902 emptor
1140 809 1283 900 amicus,

347 934 528 1032 Multique
541 960 621 1012 cnm
637 932 751 1046 santio
764 935 867 1016 fratre
883 937 1027 1031 profana
1043 934 1152 1014 soror.

317 1201 504 1224 *Qu-

484 1408 705 1556 Aliorum
735 1399 988 1538 obsequere
1017 1403 1190 1509 studiis.
1324 1544 1329 1554 ⁴

297 1697 478 1766 Burrum
499 1682 543 1753 ad
558 1677 732 1778 speculum
746 1677 870 1776 longas
890 1678 974 1754 dum
992 1679 1141 1753 conterit
1155 1679 1272 1775 horas,

343 1811 474 1908 Justior
487 1825 527 1883 ut
542 1811 671 1906 pofitas
686 1809 894 1904 comprimat
911 1808 1001 1882 ordo
1017 1832 1153 1883 comas:

294 1943 399 2014 Serva
411 1964 431 2012 a
444 1940 575 2020 secretu
588 1941 682 2034 juxta
700 1937 765 2010 stat
780 1937 896 2012 sedula
910 1935 1049 2034 Phoebe,
1137 2021 1141 2026 ,

343 2071 383 2142 In
396 2059 680 2166 dominellaudes
696 2067 850 2144 officiosa
863 2067 941 2143 sum·

294 2199 422 2274 Omnia
435 2197 553 2272 mirari
571 2193 713 2292 praesens
728 2197 920 2293 crinemque
933 2195 1169 2294 coloremque,

340 2329 391 2400 Et
408 2326 525 2401 molles
538 2325 659 2404 oculos
671 2327 923 2422 purpureasque
934 2348 1046 2422 genas.

293 2461 406 2546 Quim
417 2455 502 2532 bella
517 2455 591 2529 haec
605 2456 739 2530 macula
751 2455 815 2550 est,
841 2454 1052 2551 laevumque
1068 2454 1206 2552 stringit
1216 2432 1385 2542 ocellum1

339 2591 454 2677 Quint
471 2586 625 2685 geminat
638 2591 785 2660 Veneres
799 2583 919 2656 lunula
931 2584 1009 2656 bina
1026 2581 1113 2660 tuas!

293 2723 410 2810 Quim
424 2717 508 2794 bene
524 2719 648 2792 nativae
666 2715 874 2812 respondent
891 2714 1007 2799 omnia
1024 2715 1160 2793 formae!

339 2853 397 2924 Ut
410 2845 573 2942 gracilem
592 2860 746 2920 attenuat
759 2847 855 2920 Zona
874 2839 1008 2919 redutia
1022 2845 1151 2923 finum!
1299 2829 1308 2849 ’

291 2972 454 3048 Fasciolis
471 2970 608 3066 Phoebe,
630 2972 756 3048 Phoebe
771 2973 899 3048 donata
923 2973 1069 3051 lacernis

341 3103 392 3175 Et
407 3099 532 3197 placet,
550 3115 585 3176 et
598 3101 785 3198 quantisfit
797 3099 962 3198 placuiffe
973 3104 1087 3184 docet,

363 3531 365 3536 ’
452 3501 533 3611 Ne
552 3509 801 3654 obsequere
824 3515 1025 3622 aliorum
1046 3519 1219 3625 studiis.

290 3765 562 3850 ‘Aurounoou
585 3781 701 3879 auriga
725 3788 840 3880 (Deus
856 3792 1054 3884 permittere
1073 3793 1209 3902 fiant)

342 3897 489 4000 Quoque
503 3905 558 3982 die
574 3923 677 3991 notas
692 3917 789 4013 itque
800 3922 955 4029 reditque
971 3926 1053 4000 vias.

754 4045 790 4137 ,0
818 4063 839 4130 3
1199 4047 1377 4162 inrebimr
