3300 5017
309 478 1390 519 Μ

478 544 611 649 Lus
631 574 704 641 us
736 532 1202 668 Wssmonosterienses„
1230 504 1233 510 .
1329 582 1387 645 21

314 693 1388 740 -----·--—·---—⁴-—--.÷---

295 802 385 877 Non
400 801 451 871 ita
464 797 563 873 dulce
576 793 698 887 melos,
722 793 779 867 sed
791 793 875 867 dum
890 793 1093 887 campanula
1108 790 1226 904 tinuit,

343 932 447 1007 Neve
458 928 569 1003 infans
582 925 676 1021 vagit
687 922 769 1017 jam,
792 943 902 1021 neque
914 924 1129 1019 garrituum,

293 1195 683 1271 Wasruounsrsnu
708 1189 868 1265 Thomas
882 1189 966 1270 dum
981 1188 1104 1272 deserit
1117 1212 1227 1289 arces,

340 1322 448 1415 Eque
462 1318 603 1397 ruinosi
625 1334 719 1393 turre
731 1318 868 1394 cousins
885 1319 966 1400 abit,

289 1437 457 1547 Ignotum
473 1448 569 1523 Pauli
588 1450 739 1543 migrans
761 1470 872 1521 novus
888 1446 1012 1542 hospes
1030 1447 1075 1519 ad
1094 1448 1202 1525 aedem

342 1578 508 1675 Ingemit,
530 1590 568 1649 et
581 1578 712 1679 gemitu
726 1574 860 1671 rumpit
878 1591 1064 1671 utrumque
1076 1579 1180 1652 latus.

296 1706 503 1801 Rumpitur,
525 1721 562 1777 et
579 1719 761 1799 rumpatur
779 1728 788 1772 ι
812 1720 886 1775 erat
902 1728 984 1776 nam
997 1705 1100 1778 corde
1115 1702 1259 1799 Papista‚

335 1835 411 1927 Qui
426 1847 564 1931 poterat
578 1834 684 1909 Paulo
702 1832 922 1927 praeposuisse
940 1836 1090 1907 Petrum.

354 2337 360 2346 ¹
454 2222 548 2324 Dic
571 2216 749 2354 aliquid
770 2220 829 2347 de
852 2219 1002 2345 tribus
1020 2220 1224 2356 capellis:
1367 2272 1369 2277 ·

284 2462 331 2532 Iu
355 2457 469 2533 media
478 2458 614 2553 pinguis
628 2460 744 2537 reboat
755 2461 840 2533 dum
855 2458 1021 2557 Nevolus
1035 2461 1124 2565 auls,
1193 2552 1198 2561 Ι

336 2589 386 2660 Et
401 2608 528 2661 vocum
541 2599 677 2664 torrens
692 2608 821 2683 praepts
834 2586 876 2658 ab
892 2611 953 2661 ore
963 2591 1043 2667 ruit.

282 2714 415 2791 Nobile
428 2739 521 2797 nuuc
532 2714 645 2789 miseri
659 2717 831 2813 percurrit
844 2717 982 2791 stemma
994 2716 1143 2823 clientis,

231 2908 235 2918 x
332 2848 381 2919 Et
397 2845 497 2943 super
515 2846 666 2941 antiquis
685 2844 796 2919 multa
816 2846 966 2924 recenset
986 2849 1068 2922 avis.

284 2974 380 3063 Quin
395 2990 434 3049 tu
441 3028 454 3067 ,
476 2974 792 3066 floridule'orator,
813 2976 984 3075 preconia
1002 2979 1102 3054 mitte

327 3104 513 3208 Garrula5
543 3126 584 3181 ne
604 3100 736 3199 laudes,
759 3103 817 3177 sed
830 3118 949 3180 tueare
961 3126 1069 3182 reum.

530 3468 700 3605 Dicam
724 3495 951 3605 terrestria
977 3494 1114 3639 signa.

280 3738 473 3819 Cnuutrr
495 3734 689 3835 pinguntur
712 3732 799 3830 apri,
823 3733 984 3831 rubrique
1000 3736 1129 3839 leones,
1254 3811 1256 3815 ,
1360 3742 1364 3749 ’

328 3872 407 3951 Nec
421 3892 548 3973 eycmu
567 3866 663 3964 niger
684 3863 741 3965 hic
759 3886 836 3939 rara
847 3863 1077 3955 rideturavis,

694 3974 696 3979 ’
778 4000 807 4077 Β
835 4022 855 4093 3
984 4028 989 4034 ¹
1297 3990 1370 4095 ssu'
