3300 5017
407 548 411 556 .
464 547 490 576 ,,,
542 545 841 575 ,,,,.,,....,.,,,,.
902 542 1213 576 ,,,,.,,,,,,.,.,
1349 551 1367 572 ,,

290 641 390 744 2'04
500 611 598 710 Lu
619 644 736 712 sus
771 601 1220 737 Westmouusserienses'.
1459 599 1462 606 ’

295 760 1365 792 -....................-...............

290 859 407 932 Lidor
417 860 525 950 adest,
556 859 707 932 clamans
721 855 892 930 horrendo
907 822 992 932 voce
1008 881 1071 953 per
1086 859 1237 952 umbras,

345 989 459 1060 Prima
478 991 587 1078 sonat,
609 987 733 1059 moniti
747 986 879 1077 discite,
905 987 1016 1088 ptima
1028 985 1138 1060 sonat.

294 1113 460 1190 Oscelus!
484 1115 614 1188 ofileat
629 1139 698 1188 vox
708 1117 772 1189 ista
792 1106 931 1188 odiosa!
957 1113 1089 1189 moneri

345 1249 433 1336 Quis
449 1243 550 1321 vellet
567 1245 673 1318 talem
689 1247 885 1341 preteriiffe
901 1245 1028 1320 diem?

320 1641 567 1668 naha-fi·-

576 1942 760 2047 Veritas
785 1941 956 2046 amicos
976 1945 1113 2076 parit.

305 2277 387 2350 Εετ
411 2275 533 2372 hon103
546 2271 721 2355 ‘mereator
734 2273 824 2370 ruii‚'
841 2279 897 2351 cui
913 2275 975 2351 lux
991 2281 1109 2352 tremit
1125 2268 1225 2375 intime
1253 2296 1257 2304 ·

353 2411 393 2479 In
411 2408 507 2480 cultu
524 2408 670 2504 gravitas
688 2410 749 2501 est,
773 2424 808 2482 et
820 2407 856 2478 in
875 2431 934 2480 ore
949 2402 1060 2480 fides:

305 2537 378 2623 Qui
395 2535 509 2632 longis
526 2535 604 2607 odit
623 2536 807 2610 verborum
821 2535 1018 2631 ambagibus
1033 2538 1100 2632 uti,

351 2668 427 2736 Nec
443 2687 521 2734 cum
535 2665 655 2750 vicinis
673 2665 920 2740 diffimulanter
938 2669 1020 2763 agit.
1060 2665 1066 2672 ’
1140 2662 1145 2669 ⁴

305 2793 385 2862 Nec
397 2791 545 2884 pretium
561 2791 750 2882 ingeminat
765 2794 943 2870 venalibus
956 2795 1105 2891 amplius
1118 2778 1228 2892 aequo,

352 2925 408 2994 Ut
420 2939 504 2989 mox
517 2917 687 3018 diminuat
696 2908 900 2994 dimidietve
909 2908 1054 2996 lucrum.
1068 2939 1074 2966 ’-
1092 2968 1096 2976 ·

307 3051 385 3124 Nec
400 3043 503 3118 nimis
517 3035 655 3118 extollit
666 3067 795 3118 merces
809 3062 843 3117 et
854 3039 1012 3120 laudibus
1023 3035 1141 3146 'auget,

356 3174 583 3252 Commendet
601 3173 722 3249 melius
738 3197 821 3270 quas
835 3173 913 3248 suus
929 3174 998 3273 ipse
1021 3177 1129 3251 valor.
1191 3152 1193 3157 ⁵

309 3305 373 3379 Nil
389 3329 515 3379 vanum
535 3319 594 3377 aut
610 3302 746 3396 falsum,
769 3303 827 3376 sed
846 3309 911 3378 Nae
927 3304 1114 3380 solenniter
1130 3324 1192 3382 aut
1209 3316 1296 3388 Non

236 3463 239 3469 ’
355 3435 490 3522 Profert
507 3432 704 3528 particulas,
733 3446 768 3505 et
784 3433 854 3505 sme
872 3434 1005 3528 mude,
1029 3435 1128 3511 duas.

187 3613 193 3632 .
278 3531 284 3551 ⁵
307 3564 548 3660 Quodcunque
564 3561 736 3636 a‘ffirmatu
754 3583 842 3657 opus
857 3561 921 3653 est,
942 3565 1178 3663 quodcmque
1190 3580 1334 3666 negato,

357 3693 522 3764 Affirmat
538 3690 641 3780 nude,
666 3690 937 3787 fimpliciterque
951 3709 1074 3793 negat.¹

310 3825 345 3895 O
357 3819 509 3916 probitas
524 3813 707 3914 primeva!
734 3842 777 3892 an
791 3836 827 3892 et
837 3819 912 3894 haec
928 3821 1093 3897 laudatut
1104 3836 1143 3897 et
1156 3822 1278 3924 alget?

356 3954 486 4029 Nonne
501 3942 576 4019 haec
593 3961 765 4041 emptores
778 3949 1088 4052 conciliandum

1311 4078 1376 4161 Ne
