3300 5017
210 512 1299 555 m

226 618 262 717 4
418 583 650 683 Lusus
685 572 757 678 W
747 576 1146 712 estmonassericnses.

227 841 396 915 Instemus
411 825 547 911 ced'enti
562 832 704 927 alacres,
727 856 793 907 nec
802 833 873 907 tela
886 856 1078 933 moremur,

274 966 422 1046 Parthus
435 966 477 1040 ab
491 966 609 1040 averso
621 988 697 1063 quae
708 959 882 1056 jaculatur
893 988 998 1063 equo.

225 1096 324 1187 Quid
340 1082 452 1170 facis?
474 1092 538 1167 has
553 1091 642 1166 acies
654 1116 741 1165 mox
756 1090 869 1165 acrior
881 1094 1030 1171 instruet
1044 1098 1178 1193 hostis3

275 1224 413 1297 Certius
429 1238 471 1299 ut
487 1226 595 1323 poffit
614 1217 764 1317 vincere,
784 1220 915 1315 Cmffe,
935 1220 1038 1323 fugit.

375 1553 550 1681 Animi
571 1556 686 1661 levis
708 1558 772 1659 est
789 1556 1005 1694 voluptas
1024 1558 1160 1663 ultio.

227 1802 310 1898 Jm
334 1797 486 1877 celebres
501 1799 574 1897 egit
585 1794 783 1897 Thomyris
797 1801 985 1879 fixribtmda
996 1798 1213 1901 triumphos,

276 1931 326 2003 Et
339 1929 412 2004 nati
430 1946 548 2005 manes
563 1924 703 2003 fortiter
714 1928 791 2003 ulta
801 1926 855 2003 sui
867 1932 930 2005 est.

225 2058 280 2134 At
290 2079 377 2131 mox
390 2054 580 2151 sanguina
589 2056 681 2152 Cyri
699 2070 805 2153 caput
822 2056 936 2152 injicit
949 2058 1059 2152 urnaeg

274 2185 335 2258 Sic
348 2182 464 2283 inquit
479 2181 591 2275 saties,
612 2187 719 2279 Cyre,
733 2202 858 2257 cruore
869 2184 977 2258 sitim.
1152 2280 1156 2285 .

225 2313 344 2389 Palma
357 2311 499 2409 quidem
515 2311 674 2385 dextram
689 2312 809 2408 potuit
824 2311 975 2386 decuiffe
999 2305 1151 2405 vkilemss

270 2442 384 2536 Ultio
397 2439 576 2516 foemineas
600 2439 658 2516 sed
672 2440 799 2539 probat
815 2442 883 2517 effe
896 2462 1032 2517 manus.

226 2766 391 2877 Ardua
427 2800 501 2870 res
554 2765 648 2872 haec
687 2771 752 2869 est
794 2766 966 2901 opibus
1000 2801 1097 2871 non
1135 2768 1322 2875 tradere

661 2960 830 3040 mores.
887 2956 890 2964 ’

225 3182 482 3261 Αττοηιτυε
504 3172 645 3271 Οῐοοτο,’
669 3166 844 3249 omores!
867 3171 1085 3277 otempora!
1116 3176 1226 3275 dixit,'

273 3314 367 3385 Cum
381 3306 440 3381 fiia
459 3308 528 3402 jam
543 3306 628 3381 luxu
640 3294 777 3403 p'erdita
790 3304 905 3377 Roma
922 3306 1002 3382 fisit.

224 3434 405 3535 Quofiiam
422 3433 511 3509 alios
525 3454 653 3525 mores,
676 3454 833 3529 quanam
846 3429 957 3507 altera
973 3445 1135 3530 tempora
1147 3428 1272 3530 Romus
1301 3486 1305 3492 .

275 3560 449 3657 Expestet
465 3572 580 3635 tantas
594 3555 734 3634 Tullius
747 3558 839 3633 inter
854 3582 940 3656 01>oe
953 3558 971 3635 ἓ

224 3696 285 3789 ‚vt
297 3690 400 3787 prisci
413 3690 559 3765 'redeant
574 3710 704 3781 mores,
729 3704 771 3763 ut
786 3708 945 3783 tempora
955 3687 1081 3787 prisca

275 3822 462 3915 Paupertas
479 3820 601 3893 Romae
616 3814 761 3917 'pristina
779 3818 854 3893 sola
867 3813 976 3893 dabit.

1472 258 1487 440 i

1419 3163 1423 3166 ·
1485 3070 1489 3227 ‘

1086 4000 1314 4059 «ιι-ιιι...
1440 4016 1443 4019 -
