3300 5017
986 268 1049 293 „17¹-
1059 270 1063 273 .

996 301 1002 320 Ι

400 525 1127 695 Lusus'Wslmuiasserienscn
1177 557 1182 586 ²
1256 513 1390 674 177⁸]

254 792 426 861 Strenuus
426 793 568 893 egregie
579 804 786 889 contorquet
805 788 970 864 Rhetoris
985 807 1092 883 arma,

307 920 357 989 Et
374 918 541 1017 populi
509 942 638 993 crrcum
663 917 735 991 fusa
753 939 882 991 corona
900 916 1008 994 dolet.

253 1044 350 1121 Tu
334 1062 461 1137 tamen,
484 1030 639 1163 Antoni,
662 1045 793 1141 populo
806 1044 1007 1141 plaudente,
1028 1042 1239 1139 triumphas,

306 1178 373 1245 Pro
387 1169 524 1269 pudor!
554 1176 657 1271 inque
673 1172 765 1245 diem
779 1196 849 1269 prae
858 1174 1026 1251 ‚Cicerone
1036 1172 1161 1268 places.

255 1306 368 1373 Nunc
387 1301 480 1374 solus
492 1300 614 1375 Cicero
628 1300 766 1397 legitur,
788 1322 881 1373 nunc
898 1300 1051 1395 inclytus
1065 1303 1179 1373 audit:
1247 1350 1251 1355 -
1323 1354 1330 1363 -

306 1428 468 1523 Virique
483 1451 577 1499 nunc
593 1426 741 1500 volitant
754 1424 878 1521 scripta
887 1450 948 1522 per
959 1451 1019 1500 ora
1034 1418 1158 1502 lirum.
1213 1433 1216 1438 ’
1290 1402 1296 1409 “

253 1554 387 1635 Nostra
402 1572 492 1647 tuas,
516 1554 675 1646 Antoni„
687 1556 848 1648 ignorant
871 1552 982 1627 secula
1001 1553 1152 1652 chartas,

305 1684 355 1755 Et
374 1680 502 1777 semper
525 1680 648 1754 vistrix
660 1652 757 1752 esuis
771 1680 920 1755 Milonis
933 1682 1008 1761 erit.
1049 1700 1055 1714 ’

252 2126 1347 2169 mm

361 2423 503 2531 onus
526 2426 685 2527 aanor
708 2426 791 2573 qur
812 2428 862 2527 in
884 2425 1011 2568 nem
1032 2427 1205 2567 scunt.
1374 2385 1405 2535 f

259 2770 524 2851 Annonem
548 2772 639 2850 seros
655 2773 770 2848 civilia
783 2772 868 2849 bella
882 2791 1041 2875 nepotes,

304 2898 535 2993 Clarendone,
550 2904 612 3007 tus
626 2900 807 2977 nobrlrtata
819 2926 936 2981 manu

258 3026 439 3103 Mirandus
451 3002 571 3103 nostris
586 3000 737 3106 elucibus
746 3022 951 3131 populisque
965 3036 1106 3111 remotis
1213 3020 1216 3026 ¹

305 3158 520 3253 Angliaca
486 3180 579 3231 vrvas
593 3161 725 3256 primus
743 3160 779 3231 in
795 3159 959 3235 Historia.

257 3285 342 3356 Non
359 3281 431 3356 hec
443 3300 539 3357 curat
556 3284 658 3385 Abel,
680 3307 752 3357 non
770 3284 835 3357 illis
854 3287 987 3361 invidet
1002 3286 1105 3379 ausus,
1141 3310 1158 3323 ··
1225 3294 1228 3300 '

308 3408 402 3502 Vita,
421 3412 546 3507 inquit,
565 3411 714 3501 brevior,
731 3412 941 3487 ·vitadiurna
955 3402 1081 3509 placet.¹
1195 3437 1203 3477 ἑ
1236 3442 1244 3481 ·.
1324 3422 1332 3477 f

259 3535 353 3624 Quid
369 3534 510 3617 finolle
516 3538 611 3632 per-it
624 3534 715 3619 mihi
727 3539 851 3631 fama,
851 3554 889 3612 at
903 3562 1006 3613 mane
1023 3540 1180 3639 reliugit,
1261 3548 1265 3555 ’

307 3666 357 3739 Et
370 3666 548 3760 quoddam
562 3660 635 3743 sero
648 3660 783 3758 vespere
797 3665 919 3759 prodit
940 3691 1040 3762 opus.

262 3794 339 3866 Nos
355 3794 504 3872 urbanus
519 3816 634 3891 eques,
658 3813 724 3865 nos
739 3791 884 3883 rusticus
900 3796 1049 3892 armiger
1064 3812 1237 3895 optat,

304 3922 353 4017 Et
366 3919 524 4000 nostros
512 3936 613 4024 iterat
629 3942 771 4023 queque
780 3942 909 4025 popina
921 3921 1015 4001 soles.

728 4048 732 4057 '
1048 4056 1062 4085 ³
1171 4051 1348 4155 Qiorfim·
