3300 5017
255 562 1337 729 Tm*

250 870 349 943 Hinc
370 866 468 939 anat
481 880 608 961 patres,
628 865 851 962 equinimque
871 864 957 936 hinc
970 864 1098 937 nobilis
1108 863 1213 954 orto,

303 1001 353 1069 Et
368 993 463 1090 vulgi
478 996 618 1067 mixtim
636 1015 785 1089 corpora
799 994 872 1069 fusa
892 998 1015 1089 Jacmt.

254 1114 412 1201 Rivalem
441 1121 495 1195 ille
518 1124 592 1219 pati
603 1124 689 1194 dum
700 1122 822 1216 nescit,
842 1140 881 1197 et
896 1122 952 1197 ifle
961 1123 1129 1221 priorem,

300 1251 449 1351 Cogitur
460 1251 633 1328 innocuus
649 1249 737 1324 civis
750 1270 940 1343 utrimque
950 1250 1037 1346 pati.

1192 1494 1334 1518 ρ

773 1663 937 1771 Demit
957 1665 1188 1765 honorem

389 1830 595 1935 ffimulus
612 1829 756 1967 Ajaci.
781 1894 1185 1929 ...........--

249 2072 441 2147 Saturus
463 2073 572 2145 taciti
581 2073 666 2147 dum
681 2072 907 2147 Domitianus
922 2068 959 2141 in
972 2068 1051 2141 aula

297 2198 497 2275 Muscarurn
515 2198 632 2275 ferulis
645 2206 783 2298 agmina
795 2198 917 2272 sternit
930 2218 1050 2273 ovans.

248 2328 351 2403 Urbs
366 2342 478 2425 regem
492 2329 644 2403 delirum
661 2331 757 2405 uitri
770 2327 978 2419 contemnit,
998 2342 1035 2397 et
1048 2322 1127 2396 odit

296 2460 389 2532 Tam
403 2480 514 2553 parvo
531 2458 655 2533 tinstas
669 2458 833 2555 sanguine
850 2461 965 2531 Roma
980 2475 1114 2527 manus.

247 2586 344 2677 Quid
356 2586 527 2661 mundum
544 2586 710 2684 superaffe
722 2586 847 2683 juvat?
870 2605 1084 2680 quacunque
1094 2578 1245 2679 strperbis

294 2714 460 2788 Provenit
475 2738 520 2790 ex
535 2716 658 2813 aquilis
670 2714 795 2814 gloria,
817 2713 936 2789 musca
952 2716 1054 2809 rapit.
1085 2716 1090 2723 '

835 3130 910 3237 De
929 3134 1137 3239 turribus
1158 3134 1265 3239 altis

312 3295 409 3400 Det
430 3326 652 3429 campana
673 3296 851 3401 sonum.

248 3540 396 3612 latrans
418 3536 536 3634 vagitu
551 3536 637 3611 dum
652 3536 812 3632 personat
827 3535 966 3634 athera,
988 3544 1108 3619 nutrix

295 3666 412 3740 Sistere
423 3665 500 3740 vult
517 3664 711 3779 strepitum,
731 3664 813 3762 plus
824 3681 941 3744 tamen
958 3671 1030 3767 ipsi
1044 3673 1180 3771 strepit

248 3792 341 3869 Mox
352 3790 464 3889 quatit
479 3788 636 3865 atenero
650 3790 835 3887 pendentia
852 3794 1013 3891 cymbala
1029 3796 1135 3893 collo,
1286 3790 1308 3841 Ψ

298 3918 376 3997 Hos
387 3937 472 4015 puer
483 3916 609 4021 arttsta
623 3916 789 4022 entabibit
801 3938 882 4017 aute
899 3920 1015 4019 {onon
1485 3929 1486 4018 i

1260 4059 1347 4155 Non.
1485 4079 1487 4164 t
