3300 5017
284 489 1369 525 mm

296 550 392 646 208
507 545 602 646 Lu
622 581 696 648 su
715 586 740 646 s
774 538 1244 678 Westmmrcistertienses⁸¹

549 894 721 1000 Omnia
742 917 883 998 ruunt
904 895 951 998 in
976 895 1115 1034 pejus.

293 1209 388 1294 Qun
405 1199 501 1274 male¹
515 1199 575 1274 uix
591 1215 687 1278 tutos
698 1203 862 1297 praestant
870 1201 1068 1280 habitacula
1079 1201 1235 1303 somma,

341 1334 389 1404 Et
399 1348 521 1404 nutant
537 1332 642 1427 lungo
657 1334 724 1426 jam
735 1329 884 1426 peritura
901 1333 989 1407 fitu:

291 1461 451 1536 Finditur
462 1455 549 1533 heu!
575 1460 669 1530 rimis
683 1460 807 1554 paries,
829 1460 983 1557 totusque
999 1459 1165 1540 fatiscens-

339 1594 370 1664 F
376 1590 499 1686 rigoris
515 1588 667 1661 admittit
680 1588 763 1679 vim,
787 1589 1008 1686 pluvir'unque
1022 1597 1154 1691 jovem.

290 1719 326 1794 A
344 1717 453 1816 primd
467 1717 512 1790 ad
525 1717 694 1790 decimam
713 1715 818 1809 trabs,
842 1718 1057 1794 incumbente
1068 1724 1168 1797 ruint

336 1851 501 1941 Curvata,
516 1849 696 1942 antiquum
708 1847 795 1921 ferre
808 1862 967 1942 gravatur
984 1873 1083 1941 nnuc,

286 1986 477 2074 Utcunque
492 1977 674 2050 inclemens
688 1974 815 2050 coelum
826 1977 886 2068 est,
908 1990 1084 2072 utcunque
1099 1979 1269 2072 strerum‚'

333 2107 483 2186 Pendula
495 2105 582 2178 tedia
599 2103 684 2174 locis
699 2098 799 2196 sarta,
823 2102 947 2178 resarta
963 2119 1093 2201 patent.
1264 2077 1267 2085 Ι

284 2235 383 2314 Miile
396 2239 488 2311 extr'a
502 2232 606 2327 saxis,
640 2245 676 2304 et
692 2232 807 2328 paucis
821 2220 957 2308 laeditur
974 2235 1088 2329 intrd;

220 2423 237 2444 ..
334 2375 410 2446 Nec
424 2365 554 2464 patitur
569 2362 739 2436 medicam
757 2361 862 2435 frasta
876 2363 1021 2436 fenestra
1037 2385 1189 2436 manum.

190 2500 197 2518 '
287 2499 350 2591 Et,
375 2491 726 2594 quafi'praesenibjam
742 2491 854 2587 lapsu,
876 2491 1157 2582 animaliacauta,

333 2623 493 2698 Mustelae
506 2637 634 2696 veteres
651 2621 824 2695 deseruere
841 2620 936 2694 lares.
1153 2595 1156 2600 ⁸

287 2751 465 2844 Questibus
481 2751 554 2821 haec
566 2753 690 2821 iterans
704 2749 848 2838 maestis,
870 2747 1059 2848 iteransque
1076 2753 1257 2839 Camoena,

338 2880 476 2976 oquin,
499 2876 695 2968 air,fine1n‚
715 2877 791 2970 quis
807 2876 903 2945 dabit
917 2879 1009 2950 hisce
1024 2879 1123 2947 malis
1140 2875 1155 2948 ἓ

287 3013 374 3088 Haec
386 3007 484 3104 super
501 3003 639 3100 antiqui
653 3005 821 3099 queritur:
848 3002 954 3074 timor
968 3003 1106 3077 additur
1119 3003 1220 3098 alter,

337 3143 398 3214 An
412 3161 502 3212 nova
519 3140 655 3212 fortuna
671 3134 738 3206 stet
751 3129 896 3206 meliore
915 3131 1051 3223 domus.
1092 3232 1096 3246 ‚
1121 3213 1153 3295 ο

874 3355 1352 3384 W

487 3526 602 3632 Non
622 3525 778 3628 omnia
801 3546 942 3625 ruunt
960 3520 1007 3622 in
1033 3513 1173 3652 pejus.

291 3796 489 3878 Danucr'r
523 3821 629 3892 genus
647 3799 804 3872 Heroum
823 3794 983 3888 degente
1002 3789 1196 3880 Britannus,

340 3930 387 4001 Et
401 3927 508 4021 longo
525 3926 638 4000 claros
661 3924 785 4026 ordine
804 3921 915 3993 censttt
930 3939 1024 3992 avos.

705 4045 710 4052 '
1247 4030 1373 4117 Excitet
