3300 5017
679 294 688 329 t‘

322 505 1422 547 *μ’-’Ἣ

311 580 405 670 226
515 557 1242 696 Lusus-Wflmunusteriensu.

306 710 1400 768 ·---···············²··················-··÷

301 827 452 902 Thaidis
467 827 608 902 invistas
623 826 742 905 frustra
757 825 970 899 tentavimus
984 826 1089 920 aedes,

351 959 532 1057 Quantum
544 955 590 1029 est
604 957 780 1032 foemineae
795 979 892 1030 nunc
904 953 1060 1051 iuperare
1074 958 1215 1034 manus!

301 1083 351 1160 Et
363 1100 479 1159 tamen
496 1099 536 1158 ut
556 1085 694 1159 vibrent
705 1084 794 1158 bene
810 1085 901 1181 pasti
912 1085 1039 1159 fortius
1050 1098 1159 1183 anna,

348 1215 482 1288 Heroas
498 1214 606 1289 veluti
629 1213 745 1324 fingis?
771 1217 943 1307 Homere,
965 1239 1113 1318 coquos,
1261 1209 1267 1216 ’
1327 1210 1332 1219 ’

299 1345 356 1417 Sic
367 1347 484 1419 nostri
506 1348 545 1421 in
563 1371 679 1444 pugna
698 1350 795 1418 caute
814 1346 857 1416 fir
868 1343 1008 1418 furcifer
1029 1351 1161 1442 Herus,

346 1475 399 1546 Et
414 1479 598 1550 metuenda
609 1477 691 1552 bovi
704 1474 850 1570 corripit
865 1498 963 1548 arma
973 1499 1120 1570 coquus.

298 1601 396 1692 Quin
408 1629 472 1677 nos
485 1604 639 1698 exclusos
655 1607 707 1680 fas
720 1602 769 1680 est
785 1619 923 1678 cantare
934 1603 1172 1703 trimphum,
1289 1611 1292 1618 ’

343 1729 498 1828 lauandi
513 1735 602 1808 ratio
621 1736 671 1808 fic
688 1735 858 1810 hodierna
872 1733 976 1832 jubet.

297 1861 372 1964 ipse
384 1887 479 1940 meos
493 1865 599 1940 fastus
618 1865 779 1960 imitaris,
801 1865 959 1960 Gallice3
996 1865 1121 1962 grandi

344 1993 417 2076 Cur
428 1992 517 2066 mihi
530 2019 602 2068 non
615 1994 718 2072 liceat
734 2019 820 2070 vote
835 1994 955 2068 sonare
970 1993 1052 2077 tui?

295 2125 381 2224 Nou
394 2143 458 2222 ego
469 2121 586 2217 pulsus
597 2147 689 2196 eram
703 2125 912 2198 immeritam
924 2123 1091 2222 patiendo
1105 2118 1290 2218 repulsam,

338 2249 388 2322 Et
399 2253 557 2347 quamvis
573 2253 695 2346 1111113,
717 2277 789 2328 non
804 2253 982 2350 [inpuratus
1000 2277 1109 2329 eram.

294 2379 475 2478 Aufugere
488 2407 508 2456 a
521 2381 619 2458 letho
633 2409 703 2458 non
718 2387 768 2463 est
782 2386 939 2460 amittere
951 2387 1075 2478 vitam,

343 2515 422 2586 Nec
433 2512 599 2588 damnum
616 2519 683 2592 effe
699 2517 832 2613 potest,
857 2513 976 2588 estubi
1007 2528 1107 2612 parta
1118 2511 1218 2588 alus.

292 2629 422 2714 Cedere
434 2641 523 2716 velle
535 2645 616 2720 loco
629 2669 702 2720 non
715 2646 762 2722 est
781 2647 933 2725 secedere
952 2646 1045 2751 cogi,

339 2777 419 2846 Nec
434 2796 608 2848 removere
619 2779 722 2870 pedes
734 2777 784 2850 est
802 2780 886 2852 dare
897 2793 995 2873 terga
1012 2774 1118 2870 firgus

289 2905 398 3008 Jastat
414 2905 522 2996 idem,
545 2902 621 2974 nim
634 2905 685 2974 nil
702 2904 817 2990 faciat,
842 2923 926 2992 gens
940 2904 1044 2972 Galla
1057 2898 1297 3007 ’11111111111111111Ι

336 3045 392 3122 Ut
411 3034 529 3112 verbis
535 3031 685 3122 valeant,
706 3030 784 3104 cum
798 3028 887 3104 nihil
904 3026 983 3102 ense
1004 3044 1147 3123 queant.

288 3143 385 3284 Dura
399 3166 581 3269 quidems
570 3187 625 3239 ors
642 3161 705 3254 est,
730 3160 796 3234 soli
819 3157 1182 3269 11111111111111111111,ἱ

241 3319 243 3322 ·
336 3303 415 3408 Nec
419 3291 688 3396 11111111131111,
711 3291 797 3364 dum
814 3291 968 3365 nihiiest
989 3291 1085 3388 quod
1101 3289 1196 3363 edat.

287 3435 374 3508 Dux
386 3451 512 3520 omnis,
535 3422 699 3514 Lodoice,
724 3419 789 3519 tibi
806 3418 945 3492 Thraso
965 3420 1106 3516 cogitur
1121 3419 1203 3510 effe,
1340 3505 1345 3510 ,
1452 3499 1456 3506 ,

334 3557 535 3634 EtThraso
548 3551 688 3651 quisque
702 3552 765 3628 srhi
778 3551 920 3648 cogitur
934 3553 1001 3626 effe
1016 3546 1173 3641 Gnatho.
