3300 5017
269 545 1367 586 ..W—*mmm*

441 619 537 720 Lu
554 648 667 713 sus
698 587 1156 740 Wstruonasterieuses.
1264 673 1267 678 -
1292 645 1353 740 79

260 882 383 968 Qudm
394 874 494 949 breve
503 875 683 948 dustorum
692 870 803 942 fatum
816 866 886 940 hoc
898 865 957 954 est,
969 867 1064 960 queis
1075 891 1186 961 neque
1199 865 1353 965 palmam

308 1004 455 1080 Perdere
470 1003 523 1087 bis
535 1002 650 1090 licuit,
673 1019 737 1069 nec
752 993 904 1066 retuliffe
915 991 1018 1068 stmel
1034 989 1042 1067 !

268 1245 1344 1294 W

1086 1445 1202 1550 Non
1219 1487 1295 1552 me

329 1616 488 1723 Palma
506 1631 672 1744 negata
685 1636 897 1712 macrum
913 1609 1128 1714 dimittit.
1147 1687 1270 1706 ...-
1323 1675 1326 1680 -

260 1867 474 1949 Unorour
499 1870 656 1931 cantores
670 1869 774 1932 vocat
786 1857 834 1930 ad
849 1861 1051 1951 certamina,
1072 1861 1197 1958 instans

312 1994 430 2078 Quam
442 1987 488 2060 fit
501 1971 691 2082 Apolline&
704 1983 819 2058 clarus
833 1986 870 2058 in
888 2001 962 2060 arte
976 1992 1087 2062 Nero.

264 2116 431 2190 Protinus
447 2119 604 2189 unanimi
617 2115 761 2189 reboant
774 2113 926 2190 subsellia
935 2115 1071 2210 plausu,

315 2245 365 2316 Et
376 2243 470 2318 solus
485 2241 594 2318 vistor
606 2245 751 2337 praernia
762 2243 874 2316 Caesar
887 2242 1002 2317 habet.

262 2372 363 2463 Quin
375 2387 453 2463 vos,
475 2369 606 2463 o'uisti,
627 2392 751 2444 verum
767 2387 906 2446 cantate
918 2365 1153 2466 triumphum,

317 2497 430 2588 Queis
444 2497 577 2572 salvum
590 2493 726 2572 dederit
740 2497 860 2595 palma
872 2516 996 2600 negata
1009 2515 1125 2595 caput.
1189 2549 1191 2556 .

402 3102 406 3108 ὁ
455 2958 568 3061 Non
593 2957 729 3094 sapit,
755 2957 839 3097 qui
864 2959 946 3064 fibi
964 2996 1058 3063 non
1074 2960 1203 3114 sapin

270 3205 468 3277 Excorrr
491 3202 649 3277 inventas
662 3204 810 3296 patriam
825 3205 1027 3300 quicunque
1040 3227 1102 3302 per
1119 3207 1221 3298 artes,

316 3329 448 3427 Ingenii
462 3329 592 3403 frudus
603 3347 644 3404 ut
657 3331 746 3404 ferat
757 3331 812 3406 ilie
827 3332 891 3425 sui,

268 3458 365 3534 Mox
378 3457 470 3556 regis
483 3456 641 3550 diploma
653 3461 754 3551 petit,
776 3483 848 3555 quo
864 3461 990 3535 scilicet
1003 3465 1064 3536 uni

316 3585 473 3660 Authori
486 3581 540 3655 fas
550 3581 601 3654 est
614 3580 705 3656 utier
719 3599 792 3658 arte
803 3583 871 3658 sud.

268 3715 358 3787 Haec
373 3716 459 3787 adeo
471 3713 546 3784 laus
557 3709 606 3785 est
621 3709 801 3806 prudentis
818 3711 977 3810 summa3
1002 3717 1101 3792 fuiffe

315 3839 533 3935 ingeniosum
548 3838 638 3930 aliis,
660 3853 696 3912 et
713 3837 858 3934 sapuiffe
880 3843 955 3922 srbi.

282 3995 1349 4035 wma—
